[gd_scene load_steps=6 format=2]

[ext_resource path="res://Assets/Fonts/Raw/CC Wild Words Roman.ttf" type="DynamicFontData" id=1]
[ext_resource path="res://Scripts/New Game.gd" type="Script" id=2]
[ext_resource path="res://Assets/Fonts/Button.tres" type="DynamicFont" id=3]
[ext_resource path="res://Assets/Beijing_bouddhist_monk_2009_IMG_1486.jpg" type="Texture" id=4]

[sub_resource type="DynamicFont" id=1]
size = 70
font_data = ExtResource( 1 )

[node name="ColorRect" type="ColorRect"]
anchor_right = 1.0
anchor_bottom = 1.0
color = Color( 0.203922, 0.490196, 0.180392, 1 )
__meta__ = {
"_edit_use_anchors_": false
}

[node name="Label" type="Label" parent="."]
margin_left = 2.0
margin_top = 2.0
margin_right = 1019.0
margin_bottom = 319.0
size_flags_horizontal = 3
size_flags_vertical = 6
custom_fonts/font = SubResource( 1 )
text = "You kill all the slime (or not)"
align = 1
valign = 1
autowrap = true
uppercase = true
__meta__ = {
"_edit_use_anchors_": false
}

[node name="Retry" type="LinkButton" parent="."]
margin_left = 412.028
margin_top = 348.865
margin_right = 609.028
margin_bottom = 374.865
custom_fonts/font = ExtResource( 3 )
text = "Play again?"
underline = 2
script = ExtResource( 2 )
__meta__ = {
"_edit_use_anchors_": false
}
scene_to_load = "Level 1"

[node name="Retry2" type="LinkButton" parent="."]
margin_left = 424.0
margin_top = 417.0
margin_right = 590.0
margin_bottom = 443.0
custom_fonts/font = ExtResource( 3 )
text = "Main Menu"
underline = 2
script = ExtResource( 2 )
__meta__ = {
"_edit_use_anchors_": false
}
scene_to_load = "Main Menu"

[node name="Sprite" type="Sprite" parent="."]
position = Vector2( 231.928, 398.396 )
scale = Vector2( 0.1, 0.1 )
z_as_relative = false
texture = ExtResource( 4 )
[connection signal="pressed" from="Retry" to="Retry" method="_on_Retry_pressed"]
[connection signal="pressed" from="Retry2" to="Retry" method="_on_LinkButton_pressed"]
